@INPROCEEDINGS{hardtoshare,
	author={He, Ting and Khamfroush, Hana and Wang, Shiqiang and La Porta, Tom and Stein, Sebastian},
	booktitle={IEEE 38th International Conference on Distributed Computing Systems (ICDCS)},
	title={It's Hard to Share: Joint Service Placement and Request Scheduling in Edge Clouds with Sharable and Non-Sharable Resources},
	year={2018},
	pages={365-375},
	doi={10.1109/ICDCS.2018.00044}
}

@ARTICLE{resource,
	author={Ahmed, Shakil and Chowdhury, Mostafa Zaman and Sabuj, Saifur Rahman and Alam, Md Imtiajul and Jang, Yeong Min},
	journal={IEEE Access},
	title={Energy-Efficient UAV Relaying Robust Resource Allocation in Uncertain Adversarial Networks},
	year={2021},
	volume={9},
	pages={59920-59934},
	doi={10.1109/ACCESS.2021.3073015}
}